<record><leader>00000cas a22000007a 4500</leader><controlfield tag="001">21818220</controlfield><controlfield tag="008">900614c19909999laumr ne      0   a0eng c</controlfield><datafield ind1=" " ind2=" " tag="010"><subfield code="a">sn 90000293 </subfield></datafield><datafield ind1=" " ind2=" " tag="040"><subfield code="a">NSD</subfield><subfield code="b">eng</subfield><subfield code="c">NSD</subfield><subfield code="d">OCLCQ</subfield></datafield><datafield ind1=" " ind2=" " tag="012"><subfield code="l">1</subfield></datafield><datafield ind1="1" ind2=" " tag="022"><subfield code="a">1051-0591</subfield><subfield code="l">1051-0591</subfield><subfield code="2">1</subfield></datafield><datafield ind1="1" ind2=" " tag="029"><subfield code="a">AU@</subfield><subfield code="b">000025891470</subfield></datafield><datafield ind1=" " ind2=" " tag="037"><subfield code="b">Kenner/Metairie Living, Suite 110, Concourse Place Bldg., 1940 I-10 Service Rd., Kenner, LA 70065</subfield></datafield><datafield ind1=" " ind2=" " tag="042"><subfield code="a">nsdp</subfield><subfield code="a">pcc</subfield></datafield><datafield ind1=" " ind2="0" tag="222"><subfield code="a">Kenner/Metairie living</subfield></datafield><datafield ind1="0" ind2="0" tag="245"><subfield code="a">Kenner/Metairie living.</subfield></datafield><datafield ind1="1" ind2="0" tag="246"><subfield code="a">Kenner Metairie living</subfield></datafield><datafield ind1=" " ind2=" " tag="260"><subfield code="a">Kenner, La. :</subfield><subfield code="b">CT&amp;A Inc.,</subfield><subfield code="c">[1990-</subfield></datafield><datafield ind1=" " ind2=" " tag="300"><subfield code="a">v.</subfield></datafield><datafield ind1=" " ind2=" " tag="310"><subfield code="a">Monthly</subfield></datafield><datafield ind1="0" ind2=" " tag="362"><subfield code="a">Vol. 4, no. 1 (Feb. 1990)-</subfield></datafield><datafield ind1=" " ind2=" " tag="752"><subfield code="a">United States</subfield><subfield code="b">Louisiana</subfield><subfield code="c">Jefferson</subfield><subfield code="d">Kenner.</subfield></datafield><datafield ind1=" " ind2=" " tag="752"><subfield code="a">United States</subfield><subfield code="b">Louisiana</subfield><subfield code="c">Jefferson</subfield><subfield code="d">Metairie.</subfield></datafield><datafield ind1="0" ind2="0" tag="780"><subfield code="t">Kenner living</subfield></datafield></record>